
@misc{bluetoothDiscoverable,
  author       = {Daniel Ellis},
  title        = {How to keep Bluetooth discoverable (RPI / Unix )},
  howpublished = "\url{https://medium.com/cemac/keep-bluetooth-discoverable-rpi-unix-bbe1c9ecbdb6}",
  year         = 2020
}

@misc{indoorNavRacoons,
  author       = {Jan Hardy},
  title        = {Creating an ARCore powered indoor navigation application in Unity},
  howpublished = "\url{https://blog.raccoons.be/arcore-powered-indoor-navigation-unity}",
  year         = 2019
}

@misc{slamNavARM,
  author       = {Roberto Lopez Mendez},
  title        = {Navigation with SLAM on Your Mobile},
  howpublished = "\url{https://community.arm.com/developer/tools-software/graphics/b/blog/posts/indoor-real-time-navigation-with-slam-on-your-mobile}",
  year         = 2018
}

@misc{headlessRPI,
  author       = {Patrick Fromaget},
  title        = {Install your Raspberry Pi Zero without Keyboard and Monitor},
  howpublished = "\url{https://raspberrytips.com/pi-zero-setup-without-keyboard/}",
  year         = 2018
}

@misc{setupRPI,
  author       = {Raspberry Pi Foundation},
  title        = {Setting up your Raspberry Pi},
  howpublished = "\url{https://projects.raspberrypi.org/en/projects/raspberry-pi-setting-up}"
}

@misc{quickStartARCore,
  author       = {Google Developers},
  title        = {Quickstart for Android},
  howpublished = "\url{https://developers.google.com/ar/develop/unity/quickstart-android?hl=en}",
  year         = 2021
}

@misc{helloAR,
  author       = {Google Developers},
  title        = {Explore the HelloAR sample app code},
  howpublished = "\url{https://developers.google.com/ar/develop/unity/tutorials/hello-ar-sample?hl=en}",
  year         = 2021
}

@misc{miniMap,
  author       = {Brackeys},
  title        = {How to make a Minimap in Unity},
  howpublished = "\url{https://www.youtube.com/watch?v=28JTTXqMvOU}",
  year         = 2017
}

@misc{sound,
  author       = {Brackeys},
  title        = {Introduction to AUDIO in Unity},
  howpublished = "\url{https://www.youtube.com/watch?v=6OT43pvUyfY}",
  year         = 2017
}

@misc{navMesh,
  author       = {Brackeys},
  title        = {Unity NavMesh},
  howpublished = "\url{https://learn.unity.com/tutorial/unity-navmesh}",
  year         = 2020
}

@misc{pybluez,
  author       = {Pybluez},
  title        = {Python extension module allowing access to system Bluetooth resources},
  howpublished = "\url{https://pybluez.github.io/}",
  year         = 2019
}
